@book{Abadi1996,
author = {Abadi, Mart\'{\i}n and Cardelli, Luca},
publisher = {Springer-Verlag},
title = {{A Theory of Objects}},
year = {1996}
}
@inproceedings{Aldrich2009,
author = {Aldrich, J. and Sunshine, J. and Saini, D. and Sparks, Z.},
booktitle = {OOPSLA},
file = {:Users/iainmcgin/Library/Application Support/Mendeley Desktop/Downloaded/Aldrich et al. - 2009 - Typestate-Oriented Programming.pdf:pdf},
publisher = {ACM},
title = {{Typestate-Oriented Programming}},
year = {2009}
}
@inproceedings{Beckman2011,
author = {Beckman, Nels E and Kim, Duri and Aldrich, Jonathan},
booktitle = {ECOOP 2011 - Object-Oriented Programming},
pages = {2--26},
title = {{An Empirical Study of Object Protocols in the Wild}},
year = {2011}
}
@inproceedings{Bierhoff2009,
address = {Berlin, Heidelberg},
author = {Bierhoff, K. and Beckman, N.E. and Aldrich, J.},
booktitle = {23rd European Conference on Object-Oriented Programming},
keywords = {Plural,Typestate,aliasing,case study},
pages = {195--219},
publisher = {Springer Berlin Heidelberg},
series = {Lecture Notes in Computer Science},
title = {{Practical API Protocol Checking with Access Permissions}},
volume = {5653},
year = {2009}
}
@article{Gay2010,
author = {Gay, Simon J. and Vasconcelos, Vasco T. and Ravara, Ant\'{o}nio and Gesbert, Nils and Caldeira, Alexandre Z.},
journal = {ACM SIGPLAN Notices},
keywords = {method availability,non-uniform,object-oriented calculus,session types,typestates},
month = jan,
number = {1},
pages = {299},
title = {{Modular session types for distributed object-oriented programming}},
volume = {45},
year = {2010}
}
@inproceedings{Honda1998,
address = {Berlin/Heidelberg},
author = {Honda, K and Vasconcelos, V and Kubo, M},
booktitle = {ESOP'98},
editor = {Hankin, Chris},
pages = {33--37},
publisher = {Springer-Verlag},
series = {Lecture Notes in Computer Science},
title = {{Language Primitives and Type Discipline for Structured Communication-Based Programming}},
volume = {1381},
year = {1998}
}
@inproceedings{Liskov1987,
address = {New York, New York, USA},
author = {Liskov, Barbara},
booktitle = {Addendum to the proceedings on Object-oriented programming systems, languages and applications (Addendum) - OOPSLA '87},
pages = {17--34},
publisher = {ACM Press},
title = {{Keynote address - data abstraction and hierarchy}},
year = {1987}
}
@article{Martelli1982,
author = {Martelli, Alberto and Montanari, Ugo},
journal = {ACM Transactions on Programming Languages and Systems},
month = apr,
number = {2},
pages = {258--282},
title = {{An Efficient Unification Algorithm}},
volume = {4},
year = {1982}
}
@techreport{McGinniss2011,
address = {Glasgow, Scotland},
author = {McGinniss, Iain and Gay, Simon},
institution = {University of Glasgow},
keywords = {domain specific languages,programming language design,state modelling,typestate},
title = {{Hanoi : A Typestate DSL for Java}},
year = {2011}
}
@article{Morrisett2005,
author = {Morrisett, Greg},
journal = {Typed Lambda Calculi and Applications},
pages = {293--307},
title = {{L 3: A linear language with locations}},
year = {2005}
}
@incollection{Pierce2002,
author = {Pierce, Benjamin C.},
chapter = {13},
publisher = {The MIT Press},
title = {{Types and Programming Languages}},
year = {2002}
}
@incollection{Pottier2005,
author = {Pottier, Fran\c{c}ois and R\'{e}my, Didier},
booktitle = {Advanced Topics in Types and Programming Languages},
chapter = {10},
publisher = {The MIT Press},
title = {{The Essence of ML Type Inference}},
year = {2005}
}

@misc{Rust,
author = {Mozilla},
title = {{The Rust programming language}},
url = {http://www.rust-lang.org/}
}

@article{Collingbourne2010,
  title={Inference of session types from control flow},
  author={Collingbourne, P. and Kelly, P.H.J.},
  journal={Electronic Notes in Theoretical Computer Science},
  volume={238},
  number={6},
  pages={15--40},
  year={2010},
  publisher={Elsevier}
}

@inproceedings{Reynolds1978,
  title={Syntactic control of interference},
  author={Reynolds, J.C.},
  booktitle={Proceedings of the 5th ACM SIGACT-SIGPLAN symposium on Principles of programming languages},
  pages={39--46},
  year={1978},
  organization={ACM}
}

